<record><leader>00000cas a2200000 a 4500</leader><controlfield tag="001">17365635</controlfield><controlfield tag="008">880120c19489999wauwr ne      0    0eng d</controlfield><datafield ind1=" " ind2=" " tag="010"><subfield code="a">sn 88085317 </subfield></datafield><datafield ind1=" " ind2=" " tag="040"><subfield code="a">SLZ</subfield><subfield code="b">eng</subfield><subfield code="c">SLZ</subfield><subfield code="d">OCL</subfield><subfield code="d">OCLCQ</subfield><subfield code="d">DLC</subfield><subfield code="d">OCLCF</subfield><subfield code="d">OCLCO</subfield></datafield><datafield ind1="1" ind2=" " tag="029"><subfield code="a">AU@</subfield><subfield code="b">000022176545</subfield></datafield><datafield ind1=" " ind2=" " tag="042"><subfield code="a">msc</subfield></datafield><datafield ind1=" " ind2=" " tag="043"><subfield code="a">n-us-wa</subfield></datafield><datafield ind1="0" ind2=" " tag="130"><subfield code="a">Statesman-examiner (Colville, Wash.)</subfield></datafield><datafield ind1="0" ind2="0" tag="245"><subfield code="a">Statesman-examiner.</subfield></datafield><datafield ind1="3" ind2="0" tag="246"><subfield code="a">Statesman examiner</subfield></datafield><datafield ind1=" " ind2=" " tag="260"><subfield code="a">Colville, Wash. :</subfield><subfield code="b">Statesman-Examiner</subfield></datafield><datafield ind1=" " ind2=" " tag="300"><subfield code="a">v.</subfield></datafield><datafield ind1=" " ind2=" " tag="310"><subfield code="a">Weekly</subfield></datafield><datafield ind1="0" ind2=" " tag="362"><subfield code="a">May 7, 1948-</subfield></datafield><datafield ind1=" " ind2="0" tag="651"><subfield code="a">Colville (Wash.)</subfield><subfield code="v">Newspapers.</subfield></datafield><datafield ind1=" " ind2="7" tag="655"><subfield code="a">Newspapers.</subfield><subfield code="2">fast</subfield><subfield code="0">(OCoLC)fst01423814</subfield></datafield><datafield ind1=" " ind2="7" tag="651"><subfield code="a">Washington (State)</subfield><subfield code="z">Colville.</subfield><subfield code="2">fast</subfield><subfield code="0">(OCoLC)fst01232652</subfield></datafield><datafield ind1=" " ind2=" " tag="752"><subfield code="a">United States</subfield><subfield code="b">Washington</subfield><subfield code="c">Stevens</subfield><subfield code="d">Colville.</subfield></datafield><datafield ind1="0" ind2="4" tag="780"><subfield code="t">Colville examiner</subfield><subfield code="x">2157-6513</subfield><subfield code="w">(DLC)sn 88085318</subfield><subfield code="w">(OCoLC)17365658</subfield></datafield><datafield ind1="0" ind2="4" tag="780"><subfield code="t">Statesman-index (Colville, Wash. : 1927?)</subfield><subfield code="w">(DLC)sn 88085319</subfield></datafield></record>